 @misc{dilallo_2014,
  title     = {You can't have solar without silver},
  url       = {https://www.usatoday.com/story/money/markets/2014/08/29/no-silver-no-solar/14756397/},
  journal   = {USA Today},
  publisher = {Gannett Satellite Information Network},
  author    = {DiLallo, Matt},
  year      = {2014},
  month     = {Aug}
} 