 @misc{afl,
  title   = {Our labor history timeline: AFL-CIO},
  url     = {https://aflcio.org/about-us/history},
  journal = {AFL}
}
@misc{britannica,
  title     = {Knights of Labor},
  url       = {https://www.britannica.com/topic/Knights-of-Labor},
  journal   = {Encyclopædia Britannica},
  publisher = {Encyclopædia Britannica, inc.}
} 
@book{Foner1947,
  author    = {Philip S Foner},
  title     = {History of the Labor Movement in the United States. Vol. 1: From Colonial Times to the Founding of the American Federation of Labor},
  publisher = {New York: International Publishers},
  year      = {1947}
} 
@book{Green1980,
  author    = {James R Green},
  title     = {The World of the Worker: Labor in Twentieth-Century America},
  publisher = {New York: Hill and Wang},
  year      = {1980}
}
@misc{history.com,
  title     = {Knights of Labor},
  url       = {https://www.history.com/topics/19th-century/knights-of-labor},
  journal   = {History.com},
  publisher = {A&amp;E Television Networks},
  author    = {History.com Editors},
  year      = {2009},
  month     = {Oct}
} 
@misc{history17b,
  title   = {Labor and the Challenge to the New Order},
  url     = {http://instruct.westvalley.edu/kelly/Distance_Learning/History_17B/Lecture04/Lecture4_p6.htm},
  journal = {History 17B}
}
@book{Lichtenstein1982,
  author    = {Nelson Lichtenstein},
  title     = {Labor's War at Home: The CIO in World War II},
  publisher = {Cambridge University Press},
  year      = {1982}
}
@book{Montgomery1987,
  author    = {David Montgomery},
  title     = {The Fall of the House of Labor: The Workplace, the State, and American Labor Activism, 1865-1925},
  publisher = {Cambridge University Press},
  year      = {1987}
}
@misc{RAILROAD1886,
  title   = {Research guides: Great southwest railroad strike of 1886: Topics in Chronicling America: Introduction},
  url     = {https://guides.loc.gov/chronicling-america-railroad-strike-1886},
  journal = {Introduction - Great Southwest Railroad Strike of 1886: Topics in Chronicling America - Research Guides at Library of Congress}
}
@book{Warren1951,
  author    = {Kenneth Warren},
  title     = {The Supreme Court and the AFL: A Study in Labor Relations and Judicial Decision Making},
  publisher = {Cornell University Press},
  year      = {1951}
}