@misc{idaho2022,
  title   = {CHATGPT: Is it a valuable communication tool or a way to cheat?},
  url     = {https://www.idahoednews.org/news/educators-are-abuzz-about-chatgpt-ai-that-writes-like-a-person/},
  journal = {Idaho Education News},
  author  = {Flandrou, Carly},
  year    = {2023},
  month   = {Jan}
} 
@misc{johnson2023,
  title     = {Chatgpt in schools: Here's where it's banned-and how it could potentially help students},
  url       = {https://www.forbes.com/sites/ariannajohnson/2023/01/18/chatgpt-in-schools-heres-where-its-banned-and-how-it-could-potentially-help-students},
  journal   = {Forbes},
  publisher = {Forbes Magazine},
  author    = {Johnson, Arianna},
  year      = {2023},
  month     = {Jan}
} 
@misc{roose2023,
  title     = {Don't ban chatgpt in schools. teach with it.},
  url       = {https://www.nytimes.com/2023/01/12/technology/chatgpt-schools-teachers.html},
  journal   = {The New York Times},
  publisher = {The New York Times},
  author    = {Roose, Kevin},
  year      = {2023},
  month     = {Jan}
} 
@misc{vice2023,
  title   = {AI writing tools like CHATGPT are the future of Learning; No, it's not cheating},
  url     = {https://www.vice.com/en/article/xgyjm4/ai-writing-tools-like-chatgpt-are-the-future-of-learning-and-no-its-not-cheating},
  journal = {VICE},
  year    = {2023},
  month   = {Jan}
} 
@misc{yahoofinance,
  title     = {Cheating on your college essay with Chatgpt won't get you good grades, say professors - but AI could make education fairer},
  url       = {https://finance.yahoo.com/news/cheating-college-essay-chatgpt-wont-090000077.html},
  journal   = {Yahoo! Finance},
  publisher = {Yahoo!}
} 
@misc{zalaznick2023,
  title   = {How CHATGPT can actually be a force for good rather than a boon for cheaters},
  url     = {https://districtadministration.com/chatgpt-impact-schools-teaching-cheating-writing/},
  journal = {District Administration},
  author  = {Zalaznick, Matt},
  year    = {2023},
  month   = {Jan}
} 